<?xml version="1.0" encoding="UTF-8"?><record xmlns="http://www.loc.gov/MARC21/slim" xmlns:cinclude="http://apache.org/cocoon/include/1.0" xmlns:zs="http://www.loc.gov/zing/srw/">
  <leader>00467cz  a2200133n  4500</leader>
  <controlfield tag="001">n  88261216 </controlfield>
  <controlfield tag="003">DLC</controlfield>
  <controlfield tag="005">19910320114243.7</controlfield>
  <controlfield tag="008">891130n| acannaab|          |n aaa |||  </controlfield>
  <datafield tag="010" ind1=" " ind2=" ">
    <subfield code="a">n  88261216 </subfield>
  </datafield>
  <datafield tag="040" ind1=" " ind2=" ">
    <subfield code="a">DLC</subfield>
    <subfield code="c">DLC</subfield>
    <subfield code="d">DLC</subfield>
  </datafield>
  <datafield tag="100" ind1="1" ind2="0">
    <subfield code="a">Proskurnikova, T. A.</subfield>
  </datafield>
  <datafield tag="670" ind1=" " ind2=" ">
    <subfield code="a">Ezha sbornai︠a︡, 1988:</subfield>
    <subfield code="b">t.p. (T. A. Proskurnikova)</subfield>
  </datafield>
  <datafield tag="670" ind1=" " ind2=" ">
    <subfield code="a">Fiziologo-biokhimicheskie osnovy povyshenii︠a︡ produkt. i ustoĭchiv. ... 1989:</subfield>
    <subfield code="b">verso t.p. (kand. biol. nauk T.A. Proskurnikova)</subfield>
  </datafield>
</record>